@misc{jordan, title={Quantum Algorithm Zoo}, url={https://quantumalgorithmzoo.org/}, journal={Quantum Algorithm Zoo}, author={Jordan, Stephen}} 
@misc{feynman_1981, title={Simulating Physics with Computers}, url={https://people.eecs.berkeley.edu/~christos/classics/Feynman.pdf}, author={Feynman, Richard}, year={1981}, month={May}} 
@misc{stroustrup, title={Foundations of C++}, url={http://www.stroustrup.com/ETAPS-corrected-draft.pdf}, author={Stroustrup, Bjarne}} 

@article{shor,
    title={Polynomial-Time Algorithms for Prime Factorization and Discrete Logarithms on a Quantum Computer},
    journal={Society for Industrial and Applied Mathematics},
    author={Shor, Peter W.},
    url={https://doi.org/10.1137/S0036144598347011}}

@article{quipper,
    title={Quipper: a scalable quantum programming language},
    author={Green, Alexander S and Lumsdaine, Peter LeFanu and Ross, Neil J and Selinger, Peter and Valiron, Beno{\^\i}t},
    booktitle={ACM SIGPLAN Notices},
    volume={48},
    number={6},
    pages={333--342},
    year={2013},
    organization={ACM}
}

@article{quipper_guide,
    title={An introduction to quantum programming in quipper},
    author={Green, Alexander S and Lumsdaine, Peter LeFanu and Ross, Neil J and Selinger, Peter and Valiron, Beno{\^\i}t},
    booktitle={International Conference on Reversible Computation},
    pages={110--124},
    year={2013},
    organization={Springer}
}

@article{proto_quipper,
    title={A categorical model for a quantum circuit description language},
    author={Rios, Francisco and Selinger, Peter},
    journal={arXiv preprint arXiv:1706.02630},
    year={2017}
}

@article{selinger2006lambda,
    title={A lambda calculus for quantum computation with classical control},
    author={Selinger, Peter and Valiron, Benoit},
    journal={Mathematical Structures in Computer Science},
    volume={16},
    number={3},
    pages={527--552},
    year={2006},
    publisher={Cambridge University Press}
}

@book{nc,
    title="Quantum Computation and Quantum Information",
    author="Nielsen, Michael and Chuang, Isaac",
    year={2011}
}

@article{small_molecule_sim,
    title={Hardware-efficient variational quantum eigensolver for small molecules and quantum magnets},
    author={Kandala, Abhinav and Mezzacapo, Antonio and Temme, Kristan and Takita, Maika and Brink, Markus and Chow, Jerry M and Gambetta, Jay M},
    journal={Nature},
    volume={549},
    number={7671},
    pages={242},
    year={2017},
    publisher={Nature Publishing Group}
}

@article{larose2019overview,
    title={Overview and comparison of gate level quantum software platforms},
    author={LaRose, Ryan},
    journal={Quantum},
    volume={3},
    pages={130},
    year={2019},
    publisher={Verein zur Forderung des Open Access Publizierens in den Quantenwissenschaften}
}

@article{selinger2004towards,
    title={Towards a quantum programming language},
    author={Selinger, Peter},
    journal={Mathematical Structures in Computer Science},
    volume={14},
    number={4},
    pages={527--586},
    year={2004},
    publisher={Cambridge University Press}
}

@website{forest,
    title={Forest: An  API  for  quantum  computing  in  the cloud},
    url={https://www.rigetti.com/forest}
}

@website{cirq,
    title={A Python framework for creating, editing, and invoking Noisy Intermediate Scale Quantum (NISQ) Circuits},
    url={https://github.com/quantumlib/Cirq}
}

@article{qasm,
    title={Open quantum assembly language},
    author={Cross, Andrew W and Bishop, Lev S and Smolin, John A and Gambetta, Jay M},
    journal={arXiv preprint arXiv:1707.03429},
    year={2017}
}

@article{pyquil,
    title={A practical quantum instruction set architecture},
    author={Smith, Robert S and Curtis, Michael J and Zeng, William J},
    journal={arXiv preprint arXiv:1608.03355},
    year={2016}
}

@article{omer1998procedural,
    title={A procedural formalism for quantum computing},
    author={{\"O}mer, Bernhard},
    year={1998},
    publisher={Citeseer}
}

@article{lanyon2010towards,
    title={Towards quantum chemistry on a quantum computer},
    author={Lanyon, Benjamin P and Whitfield, James D and Gillett, Geoff G and Goggin, Michael E and Almeida, Marcelo P and Kassal, Ivan and Biamonte, Jacob D and Mohseni, Masoud and Powell, Ben J and Barbieri, Marco and others},
    journal={Nature chemistry},
    volume={2},
    number={2},
    pages={106},
    year={2010},
    publisher={Nature Publishing Group}
}

@article{biamonte2017quantum,
    title={Quantum machine learning},
    author={Biamonte, Jacob and Wittek, Peter and Pancotti, Nicola and Rebentrost, Patrick and Wiebe, Nathan and Lloyd, Seth},
    journal={Nature},
    volume={549},
    number={7671},
    pages={195},
    year={2017},
    publisher={Nature Publishing Group}
}

@unpublished{google_cloud,
    title= {Quantum Computing at Google and in the Cloud},
    author = {Kevin D. Kissell},
    year = {2019},
    note= {FOSDEM: Quantum Computing},
    URL= {https://archive.fosdem.org/2019/schedule/event/google_qc/},
}

@book{lloyd2006programming,
    title={Programming the universe: a quantum computer scientist takes on the cosmos},
    author={Lloyd, Seth},
    year={2006},
    publisher={Vintage}
}


@article{carpenter2017stan,
    title={Stan: A probabilistic programming language},
    author={Carpenter, Bob and Gelman, Andrew and Hoffman, Matthew D and Lee, Daniel and Goodrich, Ben and Betancourt, Michael and Brubaker, Marcus and Guo, Jiqiang and Li, Peter and Riddell, Allen},
    journal={Journal of statistical software},
    volume={76},
    number={1},
    year={2017},
    publisher={Columbia Univ., New York, NY (United States); Harvard Univ., Cambridge, MA~â€¦}
}

@article{goodman2012church,
    title={Church: a language for generative models},
    author={Goodman, Noah and Mansinghka, Vikash and Roy, Daniel M and Bonawitz, Keith and Tenenbaum, Joshua B},
    journal={arXiv preprint arXiv:1206.3255},
    year={2012}
}

@article{deutsch1992rapid,
  title={Rapid solution of problems by quantum computation},
  author={Deutsch, David and Jozsa, Richard},
  journal={Proceedings of the Royal Society of London. Series A: Mathematical and Physical Sciences},
  volume={439},
  number={1907},
  pages={553--558},
  year={1992},
  publisher={The Royal Society London}
}

@inproceedings{hickey2008clojure,
  title={The Clojure programming language},
  author={Hickey, Rich},
  booktitle={Proceedings of the 2008 symposium on Dynamic languages},
  pages={1},
  year={2008},
  organization={ACM}
}

@book{kernighan2006c,
  title={The C programming language},
  author={Kernighan, Brian W and Ritchie, Dennis M},
  year={2006}
}

@article{quilc,
  title={The Rigetti Optimizing Quil Compilter},
  author={Smith, Robert S},
  url={https://github.com/rigetti/quilc},
  year={2019}
}

@article{zeng2017first,
  title={First quantum computers need smart software},
  author={Zeng, Will and Johnson, Blake and Smith, Robert and Rubin, Nick and Reagor, Matt and Ryan, Colm and Rigetti, Chad},
  journal={Nature News},
  volume={549},
  number={7671},
  pages={149},
  year={2017}
}

@article{svore2018q,
  title={Q\#: Enabling scalable quantum computing and development with a high-level domain-specific language},
  author={Svore, Krysta M and Geller, Alan and Troyer, Matthias and Azariah, John and Granade, Christopher and Heim, Bettina and Kliuchnikov, Vadym and Mykhailova, Mariia and Paz, Andres and Roetteler, Martin},
  journal={arXiv preprint arXiv:1803.00652},
  year={2018}
}

@article{tucci1995quantum,
  title={Quantum bayesian nets},
  author={Tucci, Robert R},
  journal={International Journal of Modern Physics B},
  volume={9},
  number={03},
  pages={295--337},
  year={1995},
  publisher={World Scientific}
}

@article{50-lines,
    title={Probabilistic programming does in 50 lines of code what used to take thousands},
    author={Larry Hardesty},
    publisher={Massachusetts Institute of Technology},
    url={https://phys.org/news/2015-04-probabilistic-lines-code-thousands.html}
}

@article{lake2015human,
  title={Human-level concept learning through probabilistic program induction},
  author={Lake, Brenden M and Salakhutdinov, Ruslan and Tenenbaum, Joshua B},
  journal={Science},
  volume={350},
  number={6266},
  pages={1332--1338},
  year={2015},
  publisher={American Association for the Advancement of Science}
}

@inproceedings{abadi2016tensorflow,
  title={Tensorflow: A system for large-scale machine learning},
  author={Abadi, Mart{\'\i}n and Barham, Paul and Chen, Jianmin and Chen, Zhifeng and Davis, Andy and Dean, Jeffrey and Devin, Matthieu and Ghemawat, Sanjay and Irving, Geoffrey and Isard, Michael and others},
  booktitle={12th $\{$USENIX$\}$ Symposium on Operating Systems Design and Implementation ($\{$OSDI$\}$ 16)},
  pages={265--283},
  year={2016}
}

@article{bayesforge,
  title={Bayesforge},
  url={http://www.artiste-qb.net/bayesforge/},
  year={2019}}

@inproceedings{przewikezlikowski2019support,
  title={Support for High-Level Quantum Bayesian Inference},
  author={Przewi{\k{e}}{\'z}likowski, Marcin and Grabowski, Micha{\l} and Kurzyk, Dariusz and Rycerz, Katarzyna},
  booktitle={International Conference on Computational Science},
  pages={764--770},
  year={2019},
  organization={Springer}
}

